@Book{globalpositioning,
author={Nel Samama},
title={Global positionning: Technologies and Performance.},
publisher={John Wiley \& Sons, Inc.},
year={2008}
}
@PhdThesis{vervisch,
author = {Alexandre Vervisch-Picois},
title = {Etude de Systèmes de Positionnement en Intérieur 
Utilisant des Mesures de Phase du Code ou de 
Phase de la Porteuse de Signaux de  
Navigation par Satellites},
school = {Telecom SudParis},
year = {2010}
}

@Manual{Bernese,
title={Bernese GPS Software Version 5.0},
author={Rolf Dach and Urs Hugentobler and Pierre Fridez and Michael Meindl},
pages={612},
organization={Astronomical Institute, University of Bern},
year={2003},
address={Bern, Switzerland}
}
@Article{kee,
author = {Changdon Kee and Doohee Yun and Haejoung Jun and Bradford Parkinson and Sam Pullen and Tom Lagenstein},
title = {Centimeter-accuracy indoor navigation Using GPS-Like Pseudolites},
journal = {GPS World},
year = {2001},
month = {Nov},
key={http://findarticles.com/p/articles/mi_m0BPW/is_11_12/ai_n27572220/pg_2/?tag=content;col1}
}
@TechReport{keepatent,
author = {Changdon Kee and Doohee Yun},
title = { US 2009/0002230 A1 : Pseudolite-based precise positioning system with synchronised pseudolites},
institution = {US Patent},
month = {1 Jan},
year = {2009},
key = {US 2009/0002230 A1}
}
@Misc{pseudolitephase,
author = {I Petrovski and K Okano and S Kawaguchi and H Torimoto and K Suzuki and M Toda and J Akita},
title = {Indoor Code and Carrier Phase Positioning with Pseudolites and Multiple GPS Repeaters}
}

@TechReport{gnssbosser,
author = {Pierre Bosser},
institution = {ENSG/IGN},
title = {GNSS : Systèmes Globaux de Positionnement par Satellite},
year = {2011}
}
@Unpublished{locatatest,
author = {Joel Barnes and Chris Rizos and Jinling Wang and David Small and Gavin Voigt and Nunzio Gambale},
title = {Locata: A New Postioning Technology for High Precision Indoor and Outdoor Positioning}
}
@Article{locatabis,
author = {Joel Barnes and Chris Rizos and Jinling Wang and David Small and Gavin Voigt and Nunzio Gambale},
title = {High Precision Indoor and Outdoor Positioning using \textit{LocataNet}},
journal = {Journal of Global Positioning Systems},
year = {2003},
volume = {Vol 2},
number = {2},
pages = {73-82}
}
@Misc{repeatercurrentstatus,
author = {Alexandre Vervisch-Picois and Nel Samama and Nabil Jardak and Anca Fluerasu},
title = {GNSS Repeater Based Approach for Indoor Positioning: Current Status}
}

@Article{smicl,
author = {Nabil Jardak and Nel Samama},
title = {Short Multipath Insensitive Code Loop Discriminator},
journal = {IEEE},
year = {2010},
month = {Jan}
}




